@article{kuprel2017dermatologist,
  title={Dermatologist-level classification of skin cancer with deep neural networks},
  author={Kuprel, Brett and Esteva, Andre and Novoa, Roberto A and Ko, Justin and Swetter, Susan M and Blau, Helen M and Thrun, Sebastian},
  journal={nature},
  volume={542},
  number={7639},
  pages={115--118},
  year={2017},
  publisher={Nature Publishing Group}
}

@article{society2016cancer,
  title={Cancer facts \& figures},
  author={Society, American Cancer},
  journal={American Cancer Society},
  year={2016}
}

@article{rogers2015incidence,
  title={Incidence estimate of nonmelanoma skin cancer (keratinocyte carcinomas) in the US population, 2012},
  author={Rogers, Howard W and Weinstock, Martin A and Feldman, Steven R and Coldiron, Brett M},
  journal={JAMA dermatology},
  volume={151},
  number={10},
  pages={1081--1086},
  year={2015},
  publisher={American Medical Association}
}

@article{stern2010prevalence,
  title={Prevalence of a history of skin cancer in 2007: results of an incidence-based model},
  author={Stern, Robert S},
  journal={Archives of dermatology},
  volume={146},
  number={3},
  pages={279--282},
  year={2010},
  publisher={American Medical Association}
}

@article{lecun2015deep,
  title={Deep learning},
  author={LeCun, Yann and Bengio, Yoshua and Hinton, Geoffrey},
  journal={nature},
  volume={521},
  number={7553},
  pages={436--444},
  year={2015},
  publisher={Nature Publishing Group}
}

@article{lecun1998handbook,
  title={The handbook of brain theory and neural networks},
  author={LeCun, Yann and Bengio, Yoshua and others},
  journal={chapter Convolutional networks for images, speech, and time series},
  pages={255--258},
  year={1998},
  publisher={MIT Press}
}

@article{russakovsky2015imagenet,
  title={Imagenet large scale visual recognition challenge},
  author={Russakovsky, Olga and Deng, Jia and Su, Hao and Krause, Jonathan and Satheesh, Sanjeev and Ma, Sean and Huang, Zhiheng and Karpathy, Andrej and Khosla, Aditya and Bernstein, Michael and others},
  journal={International journal of computer vision},
  volume={115},
  number={3},
  pages={211--252},
  year={2015},
  publisher={Springer}
}

@article{krizhevsky2012imagenet,
  title={Imagenet classification with deep convolutional neural networks},
  author={Krizhevsky, Alex and Sutskever, Ilya and Hinton, Geoffrey E},
  journal={Advances in neural information processing systems},
  volume={25},
  pages={1097--1105},
  year={2012}
}

@inproceedings{ioffe2015batch,
  title={Batch normalization: Accelerating deep network training by reducing internal covariate shift},
  author={Ioffe, Sergey and Szegedy, Christian},
  booktitle={International conference on machine learning},
  pages={448--456},
  year={2015},
  organization={PMLR}
}

@inproceedings{szegedy2016rethinking,
  title={Rethinking the inception architecture for computer vision},
  author={Szegedy, Christian and Vanhoucke, Vincent and Ioffe, Sergey and Shlens, Jon and Wojna, Zbigniew},
  booktitle={Proceedings of the IEEE conference on computer vision and pattern recognition},
  pages={2818--2826},
  year={2016}
}

@inproceedings{szegedy2015going,
  title={Going deeper with convolutions},
  author={Szegedy, Christian and Liu, Wei and Jia, Yangqing and Sermanet, Pierre and Reed, Scott and Anguelov, Dragomir and Erhan, Dumitru and Vanhoucke, Vincent and Rabinovich, Andrew},
  booktitle={Proceedings of the IEEE conference on computer vision and pattern recognition},
  pages={1--9},
  year={2015}
}

@inproceedings{he2016deep,
  title={Deep residual learning for image recognition},
  author={He, Kaiming and Zhang, Xiangyu and Ren, Shaoqing and Sun, Jian},
  booktitle={Proceedings of the IEEE conference on computer vision and pattern recognition},
  pages={770--778},
  year={2016}
}

@article{masood2013computer,
  title={Computer aided diagnostic support system for skin cancer: a review of techniques and algorithms},
  author={Masood, Ammara and Ali Al-Jumaily, Adel},
  journal={International journal of biomedical imaging},
  volume={2013},
  year={2013},
  publisher={Hindawi}
}

@article{rosado2003accuracy,
  title={Accuracy of computer diagnosis of melanoma: a quantitative meta-analysis},
  author={Rosado, Barbara and Menzies, Scott and Harbauer, Alexandra and Pehamberger, Hubert and Wolff, Klaus and Binder, Michael and Kittler, Harald},
  journal={Archives of Dermatology},
  volume={139},
  number={3},
  pages={361--367},
  year={2003},
  publisher={American Medical Association}
}

@article{burroni2004melanoma,
  title={Melanoma computer-aided diagnosis: reliability and feasibility study},
  author={Burroni, Marco and Corona, Rosamaria and Dellâ€™Eva, Giordana and Sera, Francesco and Bono, Riccardo and Puddu, Pietro and Perotti, Roberto and Nobile, Franco and Andreassi, Lucio and Rubegni, Pietro},
  journal={Clinical cancer research},
  volume={10},
  number={6},
  pages={1881--1886},
  year={2004},
  publisher={AACR}
}

@article{kittler2002diagnostic,
  title={Diagnostic accuracy of dermoscopy},
  author={Kittler, Harold and Pehamberger, H and Wolff, K and Binder, MJTIO},
  journal={The lancet oncology},
  volume={3},
  number={3},
  pages={159--165},
  year={2002},
  publisher={Elsevier}
}

@inproceedings{codella2015deep,
  title={Deep learning, sparse coding, and SVM for melanoma recognition in dermoscopy images},
  author={Codella, Noel and Cai, Junjie and Abedini, Mani and Garnavi, Rahil and Halpern, Alan and Smith, John R},
  booktitle={International workshop on machine learning in medical imaging},
  pages={118--126},
  year={2015},
  organization={Springer}
}

@inproceedings{codella2018skin,
  title={Skin lesion analysis toward melanoma detection: A challenge at the 2017 international symposium on biomedical imaging (isbi), hosted by the international skin imaging collaboration (isic)},
  author={Codella, Noel CF and Gutman, David and Celebi, M Emre and Helba, Brian and Marchetti, Michael A and Dusza, Stephen W and Kalloo, Aadi and Liopyris, Konstantinos and Mishra, Nabin and Kittler, Harald and others},
  booktitle={2018 IEEE 15th International Symposium on Biomedical Imaging (ISBI 2018)},
  pages={168--172},
  year={2018},
  organization={IEEE}
}

@article{binder1998epiluminescence,
  title={Epiluminescence microscopy-based classification of pigmented skin lesions using computerized image analysis and an artificial neural network.},
  author={Binder, M and Kittler, H and Seeber, A and Steiner, A and Pehamberger, H and Wolff, K},
  journal={Melanoma research},
  volume={8},
  number={3},
  pages={261--266},
  year={1998}
}

@book{altmeyer1997skin,
  title={Skin cancer and UV radiation},
  author={Altmeyer, Peter and Hoffmann, Klaus and St{\"u}cker, Markus},
  year={1997},
  publisher={Springer}
}

@article{clark1989model,
  title={Model predicting survival in stage I melanoma based on tumor progression},
  author={Clark Jr, Wallace H and Elder, David E and Guerry IV, DuPont and Braitman, Leonard E and Trock, Bruce J and Schultz, Delray and Synnestvedt, Marie and Halpern, Allan C},
  journal={JNCI: Journal of the National Cancer Institute},
  volume={81},
  number={24},
  pages={1893--1904},
  year={1989},
  publisher={Oxford University Press}
}

@article{schindewolf1993classification,
  title={Classification of melanocytic lesions with color and texture analysis using digital image processing.},
  author={Schindewolf, T and Stolz, W and Albert, R and Abmayr, W and Harms, H},
  journal={Analytical and Quantitative Cytology and Histology},
  volume={15},
  number={1},
  pages={1--11},
  year={1993}
}

@inproceedings{ramlakhan2011mobile,
  title={A mobile automated skin lesion classification system},
  author={Ramlakhan, Kiran and Shang, Yi},
  booktitle={2011 IEEE 23rd International Conference on Tools with Artificial Intelligence},
  pages={138--141},
  year={2011},
  organization={IEEE}
}

@incollection{ballerini2013color,
  title={A color and texture based hierarchical K-NN approach to the classification of non-melanoma skin lesions},
  author={Ballerini, Lucia and Fisher, Robert B and Aldridge, Ben and Rees, Jonathan},
  booktitle={Color Medical Image Analysis},
  pages={63--86},
  year={2013},
  publisher={Springer}
}

@inproceedings{deng2009imagenet,
  title={Imagenet: A large-scale hierarchical image database},
  author={Deng, Jia and Dong, Wei and Socher, Richard and Li, Li-Jia and Li, Kai and Fei-Fei, Li},
  booktitle={2009 IEEE conference on computer vision and pattern recognition},
  pages={248--255},
  year={2009},
  organization={Ieee}
}

@article{mnih2015human,
  title={Human-level control through deep reinforcement learning},
  author={Mnih, Volodymyr and Kavukcuoglu, Koray and Silver, David and Rusu, Andrei A and Veness, Joel and Bellemare, Marc G and Graves, Alex and Riedmiller, Martin and Fidjeland, Andreas K and Ostrovski, Georg and others},
  journal={nature},
  volume={518},
  number={7540},
  pages={529--533},
  year={2015},
  publisher={Nature Publishing Group}
}

@article{silver2016mastering,
  title={Mastering the game of Go with deep neural networks and tree search},
  author={Silver, David and Huang, Aja and Maddison, Chris J and Guez, Arthur and Sifre, Laurent and Van Den Driessche, George and Schrittwieser, Julian and Antonoglou, Ioannis and Panneershelvam, Veda and Lanctot, Marc and others},
  journal={nature},
  volume={529},
  number={7587},
  pages={484--489},
  year={2016},
  publisher={Nature Publishing Group}
}

@article{pan2009survey,
  title={A survey on transfer learning},
  author={Pan, Sinno Jialin and Yang, Qiang},
  journal={IEEE Transactions on knowledge and data engineering},
  volume={22},
  number={10},
  pages={1345--1359},
  year={2009},
  publisher={IEEE}
}

@article{van2008visualizing,
  title={Visualizing data using t-SNE.},
  author={Van der Maaten, Laurens and Hinton, Geoffrey},
  journal={Journal of machine learning research},
  volume={9},
  number={11},
  year={2008}
}

@inproceedings{abadi2016tensorflow,
  title={Tensorflow: A system for large-scale machine learning},
  author={Abadi, Mart{\'\i}n and Barham, Paul and Chen, Jianmin and Chen, Zhifeng and Davis, Andy and Dean, Jeffrey and Devin, Matthieu and Ghemawat, Sanjay and Irving, Geoffrey and Isard, Michael and others},
  booktitle={12th $\{$USENIX$\}$ symposium on operating systems design and implementation ($\{$OSDI$\}$ 16)},
  pages={265--283},
  year={2016}
}

@article{oord2016wavenet,
  title={Wavenet: A generative model for raw audio},
  author={Oord, Aaron van den and Dieleman, Sander and Zen, Heiga and Simonyan, Karen and Vinyals, Oriol and Graves, Alex and Kalchbrenner, Nal and Senior, Andrew and Kavukcuoglu, Koray},
  journal={arXiv preprint arXiv:1609.03499},
  year={2016}
}

@article{johnson2016mimic,
  title={MIMIC-III, a freely accessible critical care database},
  author={Johnson, Alistair EW and Pollard, Tom J and Shen, Lu and Li-Wei, H Lehman and Feng, Mengling and Ghassemi, Mohammad and Moody, Benjamin and Szolovits, Peter and Celi, Leo Anthony and Mark, Roger G},
  journal={Scientific data},
  volume={3},
  number={1},
  pages={1--9},
  year={2016},
  publisher={Nature Publishing Group}
}

@misc{
  cybart_2021, 
  title={Apple Watch Is Now Worn on 100 Million Wrists}, 
  url={https://www.aboveavalon.com/notes/2021/2/11/apple-watch-is-now-worn-on-100-million-wrists}, 
  journal={Above Avalon}, 
  publisher={Above Avalon}, 
  author={Cybart, Neil}, 
  year={2021}, 
  month={Feb}
} 
 
@article{perez2019large,
  title={Large-scale assessment of a smartwatch to identify atrial fibrillation},
  author={Perez, Marco V and Mahaffey, Kenneth W and Hedlin, Haley and Rumsfeld, John S and Garcia, Ariadna and Ferris, Todd and Balasubramanian, Vidhya and Russo, Andrea M and Rajmane, Amol and Cheung, Lauren and others},
  journal={New England Journal of Medicine},
  volume={381},
  number={20},
  pages={1909--1917},
  year={2019},
  publisher={Mass Medical Soc}
}

@article{fick1870ueber,
  title={Ueber die messung des blutquantums in der herzventrikeln. phys m{\'e}d ges},
  author={Fick, A},
  journal={Wurzburg Sitzungber},
  volume={16},
  year={1870}
}

@article{seymour2016assessment,
  title={Assessment of clinical criteria for sepsis: for the Third International Consensus Definitions for Sepsis and Septic Shock (Sepsis-3)},
  author={Seymour, Christopher W and Liu, Vincent X and Iwashyna, Theodore J and Brunkhorst, Frank M and Rea, Thomas D and Scherag, Andr{\'e} and Rubenfeld, Gordon and Kahn, Jeremy M and Shankar-Hari, Manu and Singer, Mervyn and others},
  journal={Jama},
  volume={315},
  number={8},
  pages={762--774},
  year={2016},
  publisher={American Medical Association}
}

@article{fukumizu2013kernel,
  title={Kernel Bayes' rule: Bayesian inference with positive definite kernels},
  author={Fukumizu, Kenji and Song, Le and Gretton, Arthur},
  journal={The Journal of Machine Learning Research},
  volume={14},
  number={1},
  pages={3753--3783},
  year={2013},
  publisher={JMLR. org}
}